<collection xmlns="http://www.loc.gov/MARC21/slim">
<record>
  <leader>00333na 0a22000971i 450 </leader>
  <controlfield tag="001">IT\ICCU\CNCE\051214</controlfield>
  <controlfield tag="005">20001202000000.0</controlfield>
  <datafield tag="100" ind1=" " ind2=" ">
    <subfield code="a">20001202             0itac0103    ba</subfield>
  </datafield>
  <datafield tag="101" ind1=" " ind2=" ">
    <subfield code="a">ITA</subfield>
  </datafield>
  <datafield tag="200" ind1="1" ind2=" ">
    <subfield code="a">Breuissima espositione di m. Hieronimo Rainerio gentilhuomo milanese. Sovra li cento sonetti &amp; l&apos;altre rime aggiunte loro</subfield>
  </datafield>
  <datafield tag="801" ind1=" " ind2="3">
    <subfield code="a">IT</subfield>
    <subfield code="b">ICCU</subfield>
    <subfield code="c">20201115</subfield>
  </datafield>
</record>
</collection>
